@Article{BeasleyBullMartin1993,
    author = {D. Beasley and D.R. Bull and R.R. Martin},
    title = {A Sequential Niche for Multimodal Function Optimization},
    year  = {1993},
    journal = {Evolutionary Computation},
    volume = {1},
    number = {2},
    pages = {101--125}
}


%\bibitem{BeasleyBullMartin1993} Beasley D, Bull DR, Martin RR (1993)
%A Sequential Niche for Multimodal Function Optimization.
%\emph{Evolutionary Computation} Vol. 1, No. 2, 101--125.

@Inproceedings{ObuchowiczPatan1997b,
    author = {A. Obuchowicz and K. Patan},
    title  = {About some Evolutionary Algorithm Cases},
    year = {1997},
    booktitle = {Proc. of the 2-nd KAGiOG Conf.},
    address = {Rytro, Poland},
    pages = {193--200}
}

%\bibitem{ObuchowiczPatan1997b} Obuchowicz A, Patan K (1997)
%About some Evolutionary Algorithm Cases.
%In: \emph{Proc. of the 2-nd KAGiOG Conf.},
%Rytro, Poland, 193--200 (in Polish).

@Inproceedings{Obuchowicz1997,
    author = {A. Obuchowicz},
    title  = {The Evolutionary Search with Soft Selection and
    Deterioration of the Objective Function},
    year = {1997},
    booktitle = {Proc. of 6-th Symp. Intelligent Information Systems 
    and Artificial Intelligence IIS'97},
    address = {Zakopane, Poland},
    pages = {288--295}
}

%\bibitem{Obuchowicz1997} Obuchowicz A (1997) The Evolutionary 
%Search with Soft Selection and
%Deterioration of the Objective Function. In: \emph{Proc. of 6-th Symp. Intelligent
%Information Systems and Artificial Intelligence IIS'97}, Zakopane, Poland, 288--295.


@Inproceedings{Obuchowicz1999,
    author = {A. Obuchowicz},
    title  = {Adoption of the Time--Varying Landscape Using an Evolutionary Search 
    with Soft Selection Algorithm},
    year = {1997},
    booktitle = {Proc. of the 3-rd KAGiOG Conf.},
    address = {Potok Z{\l}oty, Poland},
    pages = {245--251}
}

%\bibitem{Obuchowicz1999} Obuchowicz A (1999) Adoption of the Time--Varying Landscape
%Using an Evolutionary Search with Soft Selection Algorithm.
%In: \emph{Proc. of 3-rd \mbox{KEGiOG} Conf.}, Potok Z{\l}oty, Poland, 245--251.

@Inproceedings{ObuchowiczKorbicz1999,
    author = {A. Obuchowicz and J. Korbicz},
    title  = {Evolutionary Search with Soft Selection Algorithms in 
    Parameter Optimization},
    year = {1999},
    booktitle = {Proc. of the PPAM'99 Conf.},
    address = {Kazimierz Dolny, Poland},
    pages = {578--586}
}

%\bibitem{ObuchowiczKorbicz1999} Obuchowicz A, Korbicz J (1999)
%Evolutionary Search with Soft Selection Algorithms in Parameter
%Optimization. In: \emph{Proc. of the PPAM'99 Conf.}, Kazimierz
%Dolny, Poland, 578--586.

@Book{Arabas2001,
		author = {J. Arabas},
		title = {Lectures in Evolutionary Algorithms},
		year = {2001},
		publisher = {WNT},
		address = {Warsaw, Poland}
}


%\bibitem{Arabas2001} Arabas J (2001) \emph{Lectures in Evolutionary Algorithms.}
%WNT, Warsaw (in Polish).

@Book{Goldberg1989,
		author = {D. Goldberg},
		title = {Genetic Algorithms and their Applications},
		year = {1989},
		publisher = {Addison--Wesley},
}


%\bibitem{Goldberg1989} Goldberg DE (1989) \emph{Genetic Algorithms and their Applications.}
%Addison--Wesley.

@Book{Schaefer2007,
		author = {R. Schaefer},
		title = {Foundation of Glabal Genetic Optimization},
		year = {2007},
		publisher = {Springer}
}


@INPROCEEDINGS{optics,
  AUTHOR =       {M. Ankerst and M.M. Breunig and H.P. Kriegel and J. Sander},
  TITLE =        {OPTICS: Ordering Points To Identify the Clustering Structure},
  BOOKTITLE =    {Proc. ACM SIGMOD 1999 Int. Conf. on Management of Data},
  YEAR =         {1999},
}

@ARTICLE{nflt,
  AUTHOR =       {D.H. Wolpert and W.G. Macready},
  TITLE =        {No Free Lunch Theorems for Optimization},
  YEAR =         {1996},
}

@Article{Mahfound95niching,
  author = 	 {S.W. Mahfound},
  title = 	 {Niching Methods for Genetic Algorithms},
  journal = 	 {IlliGAL Report},
  year = 	 {1995},
}

@INPROCEEDINGS{Mahfoud95acomparison,
    author = {Samir W. Mahfoud and Samir W. Mahfoud},
    title = {A Comparison of Parallel and Sequential Niching Methods},
    booktitle = {In Proceedings of the Sixth International Conference on Genetic Algorithms},
    year = {1995},
    pages = {136--143},
    publisher = {Morgan Kaufmann}
}


@Inproceedings{Mahfoud1997,
    author = {S.W. Mahfoud},
    title  = {Niching Methods. Chapter C.6.1},
    year = {1997},
    booktitle = {Handbook of Evolutionary Computations},
    editor = {T. B\"{a}ck and D.B. Fogel and Z. Michalewicz},
    publisher = {Oxford University Press}
}

%\bibitem{Mahfoud1997} Mahfoud SW (1997) Niching Methods. Chapter C.6.1 in \cite{BackFogelMichalewicz1997}.
%\bibitem{BackFogelMichalewicz1997} B\"{a}ck T, Fogel DB, Michalewicz Z (1997)
%\emph{Handbook of Evolutionary Computations.} Oxford University Press.


@Inproceedings{WierzbaSemczukKolodziejSchaefer2003,
    author = {B. Wierzba and A. Semczuk and J. Ko{\l}odziej and R. Schaefer},
    title  = {Hierarchical Genetic Strategy with real number encoding},
    year = {2003},
    booktitle = {Proc. of 6-th KAEiOG Conf.},
    address = {{\L}ag\'{o}w Lubuski, Poland},
    pages = {231--237}
}

%\bibitem{WierzbaSemczukKolodziejSchaefer2003} Wierzba B, Semczuk A, Ko{\l}odziej J, Schaefer R (2003)
%Hierarchical Genetic Strategy with real number encoding. In: \emph{Proc. of 6-th KAEiOG Conf.}
%{\L}ag\'{o}w Lubuski, Poland, 231--237.


@Article{dbscan,
author = {M. Ester and H.P. Kriegel and J. Sander and Xiaowei Xu},
title = {A Density-Based Algorithm for Discovering Clusters in Large Spatial Databases with Noise},
year = {1996},
}



@Article{SchaeferAdamskaTelega2004,
    author = {R. Schaefer and K. Adamska and H. Telega},
    title = {Genetic Clustering in Continuous Landscape Exploration},
    year  = {2004},
    journal = {Engineering Applications of Artificial Intelligence EAAI},
    volume = {17},
    pages = {407--416},
    publisher = {Elsevier}
}

%\bibitem{SchaeferAdamskaTelega2004} Schaefer R, Adamska K, Telega H (2004) %nowy
%Genetic Clustering in Continuous Landscape Exploration.
%\emph{Engineering Applications of Artificial Intelligence} EAAI, Elsevier, 17:407--416.

@Inproceedings{SchaeferAdamska2004,
    author = {R. Schaefer and K. Adamska},
    title  ={Well-Tuned Genetic Algorithm and its Advantage in 
    Detecting Basins of Attraction},
    year = {2004},
    booktitle = {Proc. of the 7-th KAEiOG Conf.},
    address = {Kazimierz, Poland},
    pages = {149--154}
}

%\bibitem{SchaeferAdamska2004} Schaefer R, Adamska K (2004) Well-Tuned Genetic Algorithm
%and its Advantage in Detecting Basins of Attraction.
%In: \emph{Proc. of the 7-th KAEiOG Conf.}, Kazimierz, Poland, 149--154.


@Article{SchaeferJablonski2001,
    author = {R. Schaefer and Z.J. Jab{\l}o\'{n}ski},
    title = {On the Convergence of
		Sampling Measures in Global Genetic Search},
    year  = {2001},
    journal = {LNCS},
    volume = {2328},
    pages = {593--600},
    publisher = {Springer}
}

%\bibitem{SchaeferJablonski2001} Schaefer R, Jab{\l}o\'{n}ski ZJ (2002) On the Convergence of
%Sampling Measures in Global Genetic Search. \emph{LNCS} 2328, Springer, 593--600.

@Book{Telega1999,
		author = {H. Telega},
		title = {Parallel Algorithms for Solving Selected Inverse Problems},
		year = {1999},
		publisher = {PhD Thesis, AGH University of Science and Technology},
		address = {Krak\'{o}w, Poland}
}

%bibitem{Telega1999} Telega H (1999) \emph{Parallel Algorithms for Solving Selected Inverse Problems.}
%PhD Thesis, AGH University of Science and Technology, '.



@Inproceedings{SchaeferKolodziej2003,
    author = {R. Schaefer and J. Ko{\l}odziej},
    title  = {Genetic Search Reinforced by the Population Hierarchy},
    year = {2003},
    booktitle = {Foundations of Genetic Algorithms 7},
    publisher = {Morgan Kaufman},
    editor = {K.A. De Jong and R. Poli and J.E. Rowe},
    pages = {383--399}
}

%\bibitem{SchaeferKolodziej2003} Schaefer R, Ko{\l}odziej J (2003)
%Genetic Search Reinforced by the Population Hierarchy.
%In: De Jong KA, Poli R, Rowe JE eds. \emph{Foundations of Genetic Algorithms 7}, Morgan Kaufman, 383--399.

@Book{Zeidler1985,
		author = {E. Zeidler},
		title = {Nonlinear Functional Analysis and its Application},
		year = {1985},
		publisher = {Springer}
}


%\bibitem{Zeidler1985} Zeidler E (1985) \emph{Nonlinear Functional Analysis and its Application.}
%(II.1.A. \emph{Linear Monotone Operators}, II.1.B. \emph{Nonlinear
%Monotone Operators}, III. \emph{Variational Methods and
%Optimization}).

@Book{PardalosRomeijn2002,
    author = {M.P. Pardalos and H.E. Romeijn},
    title = {Handbook Global Optimization},
    year  ={2002},
    volume = {2},
    publisher = {Kluwer}
}


@Article{RinnoyKanTimmer1987a,
    author = {A.H.G. Rinnoy Kan and G.T. Timmer},
    title = {Stochastic Global Optimization Methods},
    year  ={1987},
    journal = {Mathematical Programming},
    volume = {39},
    publisher = {Kluwer},
    pags = {27--56}
}

@Article{SampleCovariance,
	author={J.P. Hoffbeck and D.A. Landgrebe},
	title={Covariance Matrix Estimation and Classification with Limited Training Data},
	year={1996},
	journal={ IEEE Transactions on Pattern Analysis and Machine Intelligence},
}


%\bibitem{RinnoyKanTimmer1987a} Rinnoy Kan AHG, Timmer GT (1987) Stochastic Global Optimization Methods.
%Part 1: Clustering Methods. \emph{Mathematical Programming} 39:27--56.


@Book{DixonSzego1975,
    editor = {L.C.W. Dixon and G.P. Szeg\"{o}},
    title = {Toward Global Optimization},
    year  ={1975},
    publisher = {North Holland}
}

%@Book{Haupt2004,
%	title={Practical Genetic Algorithms},
%	year={2004},
%	publisher={Wiley-Interscience}
%}


%\bibitem{DixonSzego1975} Dixon LCW, Szeg\"{o} GP eds. (1975) \emph{Toward Global Optimization.}
%North Holland, Amsterdam.